<record><leader>00000cas a22000007a 4500</leader><controlfield tag="001">29696519</controlfield><controlfield tag="008">940127d19481949okuwr ne      0    0eng d</controlfield><datafield ind1=" " ind2=" " tag="010"><subfield code="a">sn 94058708 </subfield></datafield><datafield ind1=" " ind2=" " tag="040"><subfield code="a">OBN</subfield><subfield code="b">eng</subfield><subfield code="c">OBN</subfield><subfield code="d">OCLCQ</subfield></datafield><datafield ind1=" " ind2=" " tag="042"><subfield code="a">msc</subfield></datafield><datafield ind1="0" ind2="0" tag="245"><subfield code="a">Adair County optimist.</subfield></datafield><datafield ind1=" " ind2=" " tag="260"><subfield code="a">Stilwell, Adair County, Okla. :</subfield><subfield code="b">R.M. Moser</subfield></datafield><datafield ind1=" " ind2=" " tag="300"><subfield code="a">v.</subfield></datafield><datafield ind1=" " ind2=" " tag="310"><subfield code="a">Weekly</subfield></datafield><datafield ind1="0" ind2=" " tag="362"><subfield code="a">Vol. 4, no. 1 (Dec. 2, 1948)-</subfield></datafield><datafield ind1="1" ind2=" " tag="362"><subfield code="a">Ceased in 1949.</subfield></datafield><datafield ind1=" " ind2="4" tag="651"><subfield code="a">Stilwell (Okla.)</subfield><subfield code="v">Newspapers.</subfield></datafield><datafield ind1=" " ind2="4" tag="651"><subfield code="a">Adair County (Okla.)</subfield><subfield code="v">Newspapers.</subfield></datafield><datafield ind1=" " ind2=" " tag="752"><subfield code="a">United States</subfield><subfield code="b">Oklahoma</subfield><subfield code="c">Adair</subfield><subfield code="d">Stilwell.</subfield></datafield><datafield ind1="0" ind2="0" tag="780"><subfield code="t">Watts journal</subfield><subfield code="w">(DLC)sn 94058707</subfield><subfield code="w">(OCoLC)29696430</subfield></datafield><datafield ind1="0" ind2="4" tag="785"><subfield code="t">Stilwell democrat-journal</subfield><subfield code="w">(DLC)sn 94058709</subfield><subfield code="w">(OCoLC)27826284</subfield></datafield><datafield ind1="1" ind2=" " tag="029"><subfield code="a">AU@</subfield><subfield code="b">000025848334</subfield></datafield></record>